@book{SWeinberg,
    author    = "Steven Weinberg",
    title     = "The First Three Minutes",
    year      = "1977",
    publisher = "Basic Books",
    address   = "New York, New York"
}

@article{Padula:2004ba,
      author         = "Padula, Sandra S.",
      title          = "{HBT interferometry: Historical perspective}",
      journal        = "Braz. J. Phys.",
      volume         = "35",
      year           = "2005",
      pages          = "70-99",
      doi            = "10.1590/S0103-97332005000100005",
      eprint         = "nucl-th/0412103",
      archivePrefix  = "arXiv",
      primaryClass   = "nucl-th",
      reportNumber   = "PREPRINT-IFT-P-032-2004, PREPRINT-IFT-P.032-2004",
      SLACcitation   = "%%CITATION = NUCL-TH/0412103;%%"
}

@article{Adare:2011zr,
      author         = "Adare, A. and others",
      title          = "{Observation of direct-photon collective flow in
                        $\sqrt{s_{NN}}=200$ GeV Au+Au collisions}",
      collaboration  = "PHENIX Collaboration",
      journal        = "Phys.Rev.Lett.",
      volume         = "109",
      pages          = "122302",
      doi            = "10.1103/PhysRevLett.109.122302",
      year           = "2012",
      eprint         = "1105.4126",
      archivePrefix  = "arXiv",
      primaryClass   = "nucl-ex",
      SLACcitation   = "%%CITATION = ARXIV:1105.4126;%%",
}

@article{HanburyBrown:1956bqd,
      author         = "Hanbury Brown, R. and Twiss, R. Q.",
      title          = "{A Test of a new type of stellar interferometer on
                        Sirius}",
      journal        = "Nature",
      volume         = "178",
      year           = "1956",
      pages          = "1046-1048",
      doi            = "10.1038/1781046a0",
      SLACcitation   = "%%CITATION = NATUA,178,1046;%%"
}

@article{Goldhaber:1960sf,
      author         = "Goldhaber, Gerson and Goldhaber, Sulamith and Lee,
                        Won-Yong and Pais, Abraham",
      title          = "{Influence of Bose-Einstein statistics on the anti-proton
                        proton annihilation process}",
      journal        = "Phys. Rev.",
      volume         = "120",
      year           = "1960",
      pages          = "300-312",
      doi            = "10.1103/PhysRev.120.300",
      SLACcitation   = "%%CITATION = PHRVA,120,300;%%"
}

@article{Alt:1999cs,
      author         = "Alt, E. O. and Csorgo, T. and Lorstad, B. and
                        Schmidt-Sorensen, J.",
      title          = "{Coulomb wave function corrections for n particle
                        Bose-Einstein correlations}",
      journal        = "Eur. Phys. J.",
      volume         = "C13",
      year           = "2000",
      pages          = "663-670",
      doi            = "10.1007/s100520050725, 10.1007/s100520000331",
      eprint         = "nucl-th/9910041",
      archivePrefix  = "arXiv",
      primaryClass   = "nucl-th",
      SLACcitation   = "%%CITATION = NUCL-TH/9910041;%%"
}

@article{Pratt:1990zq,
      author         = "Pratt, S. and Csorgo, T. and Zimanyi, J.",
      title          = "{Detailed predictions for two pion correlations in
                        ultrarelativistic heavy ion collisions}",
      journal        = "Phys. Rev.",
      volume         = "C42",
      year           = "1990",
      pages          = "2646-2652",
      doi            = "10.1103/PhysRevC.42.2646",
      SLACcitation   = "%%CITATION = PHRVA,C42,2646;%%"
}

@article{Ster:2010ia,
      author         = "Ster, A. and Csanad, M. and Csorgo, T. and Lorstad, B.
                        and Tomasik, B.",
      title          = "{Spectra, elliptic flow and azimuthally sensitive HBT
                        radii from Buda-Lund model for $\sqrt{s_{NN}}=200$ GeV
                        Au+Au collisions}",
      journal        = "Eur. Phys. J.",
      volume         = "A47",
      year           = "2011",
      pages          = "58",
      doi            = "10.1140/epja/i2011-11058-7",
      eprint         = "1012.5084",
      archivePrefix  = "arXiv",
      primaryClass   = "nucl-th",
      SLACcitation   = "%%CITATION = ARXIV:1012.5084;%%"
}


@article{Csorgo:1999sj,
      author         = "Csorgo, T.",
      title          = "{Particle interferometry from 40-MeV to 40-TeV}",
      booktitle      = "{NATO Advanced Study Institute on Particle Production
                        Spanning MeV and TeV Energies (Nijmegen 99) Nijmegen,
                        Netherlands, August 8-20, 1999}",
      journal        = "Heavy Ion Phys.",
      volume         = "15",
      year           = "2002",
      pages          = "1-80",
      doi            = "10.1556/APH.15.2002.1-2.1",
      eprint         = "hep-ph/0001233",
      archivePrefix  = "arXiv",
      primaryClass   = "hep-ph",
      reportNumber   = "KFKI-1999-10-A, KFKI---1999---10-A",
      SLACcitation   = "%%CITATION = HEP-PH/0001233;%%"
}

@article{Csanad:2007fr,
      author         = "Csanad, M. and Csorgo, T. and Nagy, M.",
      title          = "{Anomalous diffusion of pions at RHIC}",
      booktitle      = "{Particle correlations and femtoscopy. Proceedings, 2nd
                        Workshop, WPCF 2006, Sao Paulo, Brazil, September 9-11,
                        2006}",
      journal        = "Braz. J. Phys.",
      volume         = "37",
      year           = "2007",
      pages          = "1002-1013",
      doi            = "10.1590/S0103-97332007000600018",
      eprint         = "hep-ph/0702032",
      archivePrefix  = "arXiv",
      primaryClass   = "hep-ph",
      SLACcitation   = "%%CITATION = HEP-PH/0702032;%%"
}


@article{Csorgo:2005gd,
      author         = "Csorgo, T.",
      title          = "{Review of HBT or Bose-Einstein correlations in high
                        energy heavy ion collisions}",
      booktitle      = "{Proceedings, 5th International Conference on Physics and
                        Astrophysics of Quark Gluon Plasma (ICPAQGP 2005): Salt
                        Lake City, India, February 8-12, 2005}",
      journal        = "J. Phys. Conf. Ser.",
      volume         = "50",
      year           = "2006",
      pages          = "259-270",
      doi            = "10.1088/1742-6596/50/1/031",
      eprint         = "nucl-th/0505019",
      archivePrefix  = "arXiv",
      primaryClass   = "nucl-th",
      SLACcitation   = "%%CITATION = NUCL-TH/0505019;%%"
}

@article{Lisa:2005dd,
      author         = "Lisa, Michael Annan and Pratt, Scott and Soltz, Ron and
                        Wiedemann, Urs",
      title          = "{Femtoscopy in relativistic heavy ion collisions}",
      journal        = "Ann. Rev. Nucl. Part. Sci.",
      volume         = "55",
      year           = "2005",
      pages          = "357-402",
      doi            = "10.1146/annurev.nucl.55.090704.151533",
      eprint         = "nucl-ex/0505014",
      archivePrefix  = "arXiv",
      primaryClass   = "nucl-ex",
      SLACcitation   = "%%CITATION = NUCL-EX/0505014;%%"
}

@article{Adler:2006as,
      author         = "Adler, S. S. and others",
      title          = "{Evidence for a long-range component in the pion emission
                        source in Au + Au collisions at s(NN)**(1/2) = 200-GeV}",
      collaboration  = "PHENIX",
      journal        = "Phys. Rev. Lett.",
      volume         = "98",
      year           = "2007",
      pages          = "132301",
      doi            = "10.1103/PhysRevLett.98.132301",
      eprint         = "nucl-ex/0605032",
      archivePrefix  = "arXiv",
      primaryClass   = "nucl-ex",
      SLACcitation   = "%%CITATION = NUCL-EX/0605032;%%"
}

@article{Alt:1998nr,
      author         = "Alt, E. O. and Csorgo, T. and Lorstad, B. and
                        Schmidt-Sorensen, J.",
      title          = "{Coulomb corrections to the three-body correlation
                        function in high-energy heavy ion reactions}",
      journal        = "Phys. Lett.",
      volume         = "B458",
      year           = "1999",
      pages          = "407-414",
      doi            = "10.1016/S0370-2693(99)00588-2",
      eprint         = "hep-ph/9812474",
      archivePrefix  = "arXiv",
      primaryClass   = "hep-ph",
      SLACcitation   = "%%CITATION = HEP-PH/9812474;%%"
}

@article{LevyEff,
title = "Accurate and efficient numerical calculation of stable densities via optimized quadrature and asymptotics",
abstract = "Stable distributions are an important class of infinitely divisible probability distributions, of which two special cases are the Cauchy distribution and the normal distribution. Aside from a few special cases, the density function for stable distributions has no known analytic form and is expressible only through the variate’s characteristic function or other integral forms. In this paper, we present numerical schemes for evaluating the density function for stable distributions, its gradient, and distribution function in various parameter regimes of interest, some of which had no preexisting efficient method for their computation. The novel evaluation schemes consist of optimized generalized Gaussian quadrature rules for integral representations of the density function, complemented by asymptotic expansions near various values of the shape and argument parameters. We report several numerical examples illustrating the efficiency of our methods. The resulting code has been made available online.",
keywords = "$$\alpha $$α-Stable, Generalized Gaussian quadrature, Infinitely divisible distributions, Numerical quadrature, Stable distributions",
author = "Sebastian Ament and Michael O’Neil",
year = "2017",
month = "1",
doi = "10.1007/s11222-017-9725-y",
pages = "1--15",
journal = "Statistics and Computing",
issn = "0960-3174",
publisher = "Springer Netherlands",
}

@article{Csanad:2009wc,
      author         = "Csanad, Mate and Vargyas, Marton",
      title          = "{Observables from a solution of 1+3 dimensional
                        relativistic hydrodynamics}",
      journal        = "Eur. Phys. J.",
      volume         = "A44",
      year           = "2010",
      pages          = "473-478",
      doi            = "10.1140/epja/i2010-10973-3",
      eprint         = "0909.4842",
      archivePrefix  = "arXiv",
      primaryClass   = "nucl-th",
      SLACcitation   = "%%CITATION = ARXIV:0909.4842;%%"
}